<?xml version="1.0" encoding="UTF-8"?><collection xmlns="http://www.loc.gov/MARC21/slim"><record><leader>00507nam--2200157-i-4500</leader><controlfield tag="001">000018167</controlfield><controlfield tag="002">20161230</controlfield><controlfield tag="005">20161230201032</controlfield><controlfield tag="008">060222s1000------------r-----000-0-eng-d</controlfield><datafield ind1=" " ind2=" " tag="040"><subfield code="a">IFIN-HH</subfield></datafield><datafield ind1=" " ind2=" " tag="100"><subfield code="a">Emde(Prof.Dr.Ing.Fritz)</subfield></datafield><datafield ind1=" " ind2=" " tag="245"><subfield code="a">Tafeln elementarer funktionen.zweite auflage. tables of elementary functions.second edition</subfield></datafield><datafield ind1=" " ind2=" " tag="260"><subfield code="a">LEIPZIG, B.G.TEUBNER VERLAGSGESELLSCHAFT 1948 XII + 181 p</subfield></datafield><datafield ind1=" " ind2=" " tag="490"><subfield code="a">Lucrare Scrisa In Ambele Limbi</subfield></datafield><datafield ind1=" " ind2=" " tag="852"><subfield code="a">657</subfield><subfield code="c">518.2</subfield></datafield><datafield ind1=" " ind2=" " tag="CAT"><subfield code="a">Sys</subfield><subfield code="c">20090706</subfield><subfield code="h">121742</subfield></datafield></record></collection>